<record><leader>00000cas a22000007a 4500</leader><controlfield tag="001">16637878</controlfield><controlfield tag="008">870903d19351941ohudn ne      0    0eng d</controlfield><datafield ind1=" " ind2=" " tag="010"><subfield code="a">sn 87075030 </subfield></datafield><datafield ind1=" " ind2=" " tag="040"><subfield code="a">ONP</subfield><subfield code="b">eng</subfield><subfield code="c">ONP</subfield><subfield code="d">OCLCQ</subfield></datafield><datafield ind1=" " ind2=" " tag="042"><subfield code="a">msc</subfield></datafield><datafield ind1="0" ind2="0" tag="245"><subfield code="a">New Lexington daily news.</subfield></datafield><datafield ind1="1" ind2="3" tag="246"><subfield code="a">New Lexington daily news and New Lexington sentinel</subfield><subfield code="f">Sept. 3-Nov. 12, 1935</subfield></datafield><datafield ind1=" " ind2=" " tag="260"><subfield code="a">New Lexington, Ohio :</subfield><subfield code="b">Galvin &amp; Son,</subfield><subfield code="c">1935-1941.</subfield></datafield><datafield ind1=" " ind2=" " tag="300"><subfield code="a">v.</subfield></datafield><datafield ind1=" " ind2=" " tag="310"><subfield code="a">Daily (except Sun.),</subfield><subfield code="b">Apr. 2, 1939-Jan. 4, 1941</subfield></datafield><datafield ind1=" " ind2=" " tag="321"><subfield code="a">Daily (except Sun.),</subfield><subfield code="b">Aug. 19, 1935-Oct. 1, 1938</subfield></datafield><datafield ind1=" " ind2=" " tag="321"><subfield code="a">Daily (except Sat. and Sun.),</subfield><subfield code="b">Oct. 3, 1938-Mar. 30, 1939</subfield></datafield><datafield ind1="0" ind2=" " tag="362"><subfield code="a">Vol. 38, no. 30 (Aug. 19, 1935)-v. 43, no. 116 (Jan. 4, 1941).</subfield></datafield><datafield ind1=" " ind2="4" tag="651"><subfield code="a">New Lexington (Ohio)</subfield><subfield code="v">Newspapers.</subfield></datafield><datafield ind1=" " ind2="4" tag="651"><subfield code="a">Perry County (Ohio)</subfield><subfield code="v">Newspapers.</subfield></datafield><datafield ind1=" " ind2=" " tag="752"><subfield code="a">United States</subfield><subfield code="b">Ohio</subfield><subfield code="c">Perry</subfield><subfield code="d">New Lexington.</subfield></datafield><datafield ind1="0" ind2="4" tag="780"><subfield code="t">Perry County news</subfield><subfield code="w">(DLC)sn8700075022</subfield></datafield><datafield ind1="0" ind2="4" tag="780"><subfield code="t">New Lexington sentinel</subfield></datafield><datafield ind1="0" ind2="4" tag="785"><subfield code="t">Lancaster eagle-gazette</subfield><subfield code="w">(DLC)sn 85038177</subfield></datafield><datafield ind1="1" ind2=" " tag="029"><subfield code="a">AU@</subfield><subfield code="b">000025799892</subfield></datafield></record>